% Encoding: UTF-8

@Article{Desnos_Memory_2016,
  author =    {Desnos, Karol and Pelcat, Maxime and Nezan, Jean-Fran\c{c}ois and Aridhi, Slaheddine},
  title =     {On Memory Reuse Between Inputs and Outputs of Dataflow Actors},
  journal =   {ACM Transactions on Embedded Computing Systems},
  year =      {2016},
  volume =    {15},
  number =    {30},
  pages =     {25},
  month =     {January},
  owner =     {kdesnos},
  timestamp = {2016.02.09}
}

@InProceedings{Desnos_PiMM_2013,
  author =       {Desnos, K. and Pelcat, M. and Nezan, J.-F. and Bhattacharyya, S.S. and Aridhi, S.},
  title =        {{PiMM}: Parameterized and Interfaced Dataflow Meta-Model for {MPSoCs } Runtime Reconfiguration},
  booktitle =    {Embedded Computer Systems: Architectures, Modeling, and Simulation (SAMOS XIII), 2013 International Conference on},
  year =         {2013},
  pages =        {41--48},
  organization = {IEEE},
  owner =        {Karol},
  timestamp =    {2014.07.06}
}

@Article{Lee_Synchronous_1987,
  author =    {Lee, E.A. and Messerschmitt, D.G.},
  title =     {Synchronous data flow},
  journal =   {Proceedings of the IEEE},
  year =      {1987},
  volume =    {75},
  number =    {9},
  pages =     { 1235 - 1245},
  month =     {sept.},
  doi =       {10.1109/PROC.1987.13876},
  issn =      {0018-9219},
  owner =     {kdesnos},
  timestamp = {2013.02.20}
}

@InProceedings{Piat_2009_Interface,
  author =    {Piat, J. and Bhattacharyya, S.S. and Raulet, M.},
  title =     {Interface-based hierarchy for synchronous data-flow graphs},
  booktitle = {SiPS Proceedings},
  year =      {2009},
  doi =       {10.1109/SIPS.2009.5336240},
  issn =      {1520-6130},
  keywords =  {DSP application programming;SDF graph;code generation;compile-time predictability property;computation model;data-flow programming;digital signal processing application;encapsulated subsystem;interface-based design hierarchy semantics;internal dataflow structure;iterative hierarchical representation construction;multiprocessor scheduling;optimization choice;synchronous data-flow graph;data encapsulation;data flow computing;data flow graphs;parallel programming;processor scheduling;program compilers;programming language semantics;signal processing;},
  owner =     {kdesnos},
  timestamp = {2012.09.24}
}

@Book{Pino_hierarchical_1995,
  title =     {A hierarchical multiprocessor scheduling framework for synchronous dataflow graphs},
  publisher = {Electronics Research Laboratory, College of Engineering, University of California},
  year =      {1995},
  author =    {Pino, J.L. and Bhattacharyya, S.S. and Lee, E.A.},
  owner =     {kdesnos},
  timestamp = {2014.06.19}
}
